@Book{SSA,
  author =       {Н. Э. Голяндина},
  title =        {Метод <<Гусеница>>-SSA: анализ временных рядов: Учеб. пособие},
  publisher = {ВВМ},
  address =      {Санкт-Петербург},
  year =         2004,
  language =     {russian}
}

@Manual{Rssa,
	Title = {\textsc{Rssa}: A collection of methods for singular spectrum analysis},
	Author = {A. Korobeynikov and A. Shlemov and K. Usevich and N. Golyandina},
	Note = {R~package version~1.0},
	Year = {2016},	
	Url = {http://CRAN.R-project.org/package=Rssa}
}
 @Manual{pcaL1,
	title = {pcaL1: L1-Norm PCA Methods},
	author = {Sapan Jot and J. Paul Brooks and Andrea Visentin and Young Woong Park},
	year = {2017},
	note = {R package version 1.5.2},
}

@inproceedings{pcaL1book,
	title={pca{L1}: An Implementation in {R} of Three Methods for {L1}-Norm Principal Component Analysis},
	author={J. Paul Brooks and Sapan Jot},
	year={2013}
}

@article{Climatic,
	author =       { M. Ghil and R. M. Allen and M. D. Dettinger and K. Ide and D. Kondrashov},
    title =        {Advanced spectral methods for climatic time series},
    year =         2002,
	journal={Reviews of Geophysics},
	volume = {40},
	number = {1},
	pages = {1--41},
}

@article{Dynamic1,
	author =       { D. Broomhead and G. King},
	title =        {Extracting qualitative dynamics from experimental data},
	journal={Physica D},
	volume = {20},
	year =  1986,
	pages = {217--236},
}

@article{Dynamic2,
	author =       { M. Vautard and M. Ghil},
	title =        {Singular Spectrum Analysis in Nonlinear Dynamics, with Applications to Paleoclimatic Time Series},
	year =         1989,
	journal={Physica D},
	volume = {35},
	pages = {395--424},
}

@Article{pcaMethods_article,
	title = {pca{M}ethods -- a {B}ioconductor package providing {PCA} methods for incomplete data},
	author = {Wolfram Stacklies and Henning Redestig and Matthias Scholz and Dirk Walther and Joachim Selbig},
	journal = {Bioinformatics},
	year = {2007},
	pages = {1164--1167},
	volume = {23},
}

@Manual{pcaMethods,
	title = {pcaMethods -- a Bioconductor package providing PCA methods for incomplete data},
	author = {Wolfram Stacklies and Henning Redestig and Matthias Scholz and Dirk Walther and Joachim Selbig},
	year = {2007},
	note = {R package version 1.72.0},
	url = {https://bioconductor.org/biocLite.R},
}

@Book{vkr,
	author =       {А. Л. Третьякова},
	title =        {Устойчивые варианты метода SSA для анализа временных рядов: выпускная квалификационная работа, науч.рук. к.ф.-м.н., доцент Голяндина Н.Э. },
	year =         2018,
	language =     {russian}
}

@article{Rodrigues,
	author = {Rodrigues, Paulo and Lourenco, Vanda and Mahmoudvand, Rahim},
	year = {2018},
	month = {06},
	pages = {},
	title = {A robust approach to singular spectrum analysis},
	volume = {34},
	journal = {Quality and Reliability Engineering International},
	doi = {10.1002/qre.2337}
}

@inproceedings{Hawkins,
	title={Robust Singular Value Decomposition Technical Report Number 122, {N}ational {I}nstitute of {S}tatistical {S}ciences 19},
	author={Douglas M. Hawkins and Li Liu and S. Stanley Young},
	year={2002}
}

@article{Chen,
	author = {Chen, Ke and Sacchi, Mauricio},
	year = {2015},
	month = {01},
	pages = {V1-V11},
	title = {Robust reduced-rank filtering for erratic seismic noise attenuation},
	volume = {80},
	journal = {GEOPHYSICS},
	doi = {10.1190/geo2014-0116.1}
}

@book{Chvatal,
	title={Linear Programming},
	author={Chv{\'a}tal, V.},
	isbn={9780716711957},
	lccn={82021132},
	series={Series of books in the mathematical sciences},
	year={1983},
	address ={New York},
	publisher={W.H. Freeman Company}
}

@article{Optimal,
	author = {Markopoulos, Panos and Karystinos, George and Pados, Dimitris},
	year = {2014},
	month = {10},
	pages = {5046-5058},
	title = {Optimal Algorithms for {L}1-subspace Signal Processing},
	volume = {62},
	journal = {IEEE Transactions on Signal Processing},
	doi = {10.1109/TSP.2014.2338077}
}

@Book{Golub,
	Title                    = {Matrix Computations},
	Author                   = {Golub, Gene H. and Van Loan, Charles F.},
	Publisher                = {The Johns Hopkins University Press},
	Year                     = {1996},
	Edition                  = {Third}
}
